This file was created with JabRef 2.2.
Encoding: Cp1252

@BOOK{Codina2009,
  title = {Web semántica y sistemas de información documental},
  publisher = {Trea},
  year = {2009},
  author = {Codina, Lluís  Marcos, Mari-Carmen y Pedraza, Rafael},
  owner = {Noelia},
  timestamp = {2019.11.03}
}

@ARTICLE{Garcia2005,
  author = {García Hernández, Eva},
  title = {Aplicación de las ontologías para la representación del conocimiento},
  year = {2005},
  pages = {224237},
  owner = {Noelia},
  timestamp = {2019.11.03}
}

@BOOK{Pena2011,
  title = {Organización y representación del conocimiento?: incidencia de las
	tecnologías de la información y comunicación},
  publisher = {Alfagrama},
  year = {2011},
  author = {Peña Vera, Tania},
  owner = {Noelia},
  timestamp = {2019.11.03}
}

@comment{jabref-meta: selector_keywords:}

@comment{jabref-meta: selector_journal:}

@comment{jabref-meta: selector_publisher:}

@comment{jabref-meta: selector_author:}

